<?xml version="1.0" encoding="UTF-8"?><collection xmlns="http://www.loc.gov/MARC21/slim"><record><leader>00352nam--2200145-i-4500</leader><controlfield tag="001">000031927</controlfield><controlfield tag="002">20161230</controlfield><controlfield tag="005">20161230201038</controlfield><controlfield tag="008">060222s1000------------r-----000-0-eng-d</controlfield><datafield ind1=" " ind2=" " tag="080"><subfield code="a">550.341</subfield></datafield><datafield ind1=" " ind2=" " tag="100"><subfield code="a">Mercer, Sherrel</subfield></datafield><datafield ind1=" " ind2=" " tag="245"><subfield code="a">Sesmic data processing by small computer</subfield></datafield><datafield ind1=" " ind2=" " tag="260"><subfield code="a">Houston, Geo Space,/F.An.</subfield></datafield><datafield ind1=" " ind2=" " tag="490"><subfield code="a">Fotocopie</subfield></datafield><datafield ind1=" " ind2=" " tag="852"><subfield code="a">48115</subfield></datafield></record></collection>